% This file was created with Citavi 6.14.0.0

@misc{glennjocher.2023,
 author = {glenn-jocher},
 year = {2023},
 title = {{YOLOv5}},
 url = {\url{https://github.com/ultralytics/yolov5}},
 urldate = {02.02.2023},
 publisher = {ultralytics},
 howpublished = {GitHub Repository}
}


@article{Jiang.2022,
 author = {Jiang, Peiyuan and Ergu, Daji and Liu, Fangyao and Cai, Ying and Ma, Bo},
 year = {2022},
 title = {{A Review of Yolo Algorithm Developments}},
 pages = {1066--1073},
 volume = {199},
 issn = {18770509},
 journal = {{Procedia Computer Science}},
 doi = {\url{10.1016/j.procs.2022.01.135}}
}


